@article{Cortes_2011,
  author   = {Cortés, Fernando and Vargas, Delfino},
  title    = {Marginación en México a través del tiempo: a propósito del índice de Conapo},
  year     = {2011},
  journal  = {Estudios Sociológicos},
  issn     = {0185-4186},
  language = {Español},
  url      = {https://www.redalyc.org/articulo.oa?id=59823584002}
}	    	

@article{Gutierrez_2010,
  title     = {{Limitantes de los índices de marginación de Conapo y propuesta para evaluar la marginación municipal en México}},
  journal   = {{Papeles de población}},
  author    = {Gutiérrez-Pulido, Humberto and Gama-Hernández, Viviana},
  issn      = {1405-7425},
  language  = {es},
  url       = {http://www.scielo.org.mx/scielo.php?script=sci_arttext&pid=S1405-74252010000400008&nrm=iso},
  volume    = {16},
  year      = {2010},
  month     = {12},
  pages     = {227 - 257},
  publisher = {scielomx}
}

@article{Flrez2014GastoES,
  title   = {Gasto en salud, la desigualdad en el ingreso y el índice de marginación en el sistema de salud de México},
  author  = {Pinzón Flórez, Carlos Eduardo and Ludovic Reveiz and Idrovo, Alvaro Javier and Reyes Morales, Hortensia},
  journal = {Revista Panamericana De Salud Publica-pan American Journal of Public Health},
  year    = {2014},
  volume  = {35},
  pages   = {01-07}
}

@article{Pelaez_2017,
  title     = {La marginación a lo largo del tiempo: cálculo del índice de Marginación Absoluta (IMA) para las entidades federativas de México, 1970-2010},
  journal   = {Economía: teoría y práctica},
  author    = {Peláez Herreros, Oscar},
  issn      = {0188-3380},
  language  = {es},
  url       = {http://www.scielo.org.mx/scielo.php?script=sci_arttext&pid=S0188-33802017000100115&nrm=iso},
  year      = {2017},
  month     = {06},
  pages     = {115 - 137},
  publisher = {scielomx}
}

@article{Bistrain_2010,
  title     = {Revisión de los índices de marginación elaborados por el Conapo},
  journal   = {Estudios demogróficos y urbanos},
  author    = {Bistrain Coronado, César},
  issn      = {0186-7210},
  language  = {es},
  url       = {http://www.scielo.org.mx/scielo.php?script=sci_arttext&pid=S0186-72102010000100175&nrm=iso},
  volume    = {25},
  year      = {2010},
  month     = {04},
  pages     = {175 - 217},
  publisher = {scielomx}
}